<?xml version="1.0" encoding="UTF-8"?>
  <record xmlns="http://www.loc.gov/MARC21/slim" type="Authority">
    <leader>00000nz  a2200000nc 4500</leader>
    <controlfield tag="001">119100320</controlfield>
    <controlfield tag="003">DE-101</controlfield>
    <controlfield tag="005">20220309170314.0</controlfield>
    <controlfield tag="008">930625n||azznnaabn           | aaa    |c</controlfield>
    <datafield tag="024" ind1="7" ind2=" ">
      <subfield code="a">119100320</subfield>
      <subfield code="0">http://d-nb.info/gnd/119100320</subfield>
      <subfield code="2">gnd</subfield>
    </datafield>
    <datafield tag="035" ind1=" " ind2=" ">
      <subfield code="a">(DE-101)119100320</subfield>
    </datafield>
    <datafield tag="035" ind1=" " ind2=" ">
      <subfield code="a">(DE-588)119100320</subfield>
    </datafield>
    <datafield tag="035" ind1=" " ind2=" ">
      <subfield code="z">(DE-588)1089502370</subfield>
    </datafield>
    <datafield tag="035" ind1=" " ind2=" ">
      <subfield code="z">(DE-588a)119100320</subfield>
      <subfield code="9">v:zg</subfield>
    </datafield>
    <datafield tag="035" ind1=" " ind2=" ">
      <subfield code="z">(DE-588c)4315965-5</subfield>
      <subfield code="9">v:zg</subfield>
    </datafield>
    <datafield tag="040" ind1=" " ind2=" ">
      <subfield code="a">DE-101</subfield>
      <subfield code="c">DE-101</subfield>
      <subfield code="9">r:DE-101</subfield>
      <subfield code="b">ger</subfield>
      <subfield code="d">9999</subfield>
    </datafield>
    <datafield tag="042" ind1=" " ind2=" ">
      <subfield code="a">gnd1</subfield>
    </datafield>
    <datafield tag="043" ind1=" " ind2=" ">
      <subfield code="c">XA-DE</subfield>
    </datafield>
    <datafield tag="065" ind1=" " ind2=" ">
      <subfield code="a">16.5p</subfield>
      <subfield code="2">sswd</subfield>
    </datafield>
    <datafield tag="075" ind1=" " ind2=" ">
      <subfield code="b">p</subfield>
      <subfield code="2">gndgen</subfield>
    </datafield>
    <datafield tag="075" ind1=" " ind2=" ">
      <subfield code="b">piz</subfield>
      <subfield code="2">gndspec</subfield>
    </datafield>
    <datafield tag="079" ind1=" " ind2=" ">
      <subfield code="a">g</subfield>
      <subfield code="q">a</subfield>
      <subfield code="q">f</subfield>
      <subfield code="q">s</subfield>
      <subfield code="q">h</subfield>
      <subfield code="q">d</subfield>
      <subfield code="u">w</subfield>
      <subfield code="u">v</subfield>
      <subfield code="u">o</subfield>
    </datafield>
    <datafield tag="100" ind1="0" ind2=" ">
      <subfield code="a">Johann Georg</subfield>
      <subfield code="b">II.</subfield>
      <subfield code="c">Sachsen, Kurfürst</subfield>
      <subfield code="d">1613-1680</subfield>
    </datafield>
    <datafield tag="375" ind1=" " ind2=" ">
      <subfield code="a">1</subfield>
      <subfield code="2">iso5218</subfield>
    </datafield>
    <datafield tag="400" ind1="0" ind2=" ">
      <subfield code="a">Johann Georg</subfield>
      <subfield code="b">II.</subfield>
      <subfield code="c">Sachsen, Herzog</subfield>
      <subfield code="d">1613-1680</subfield>
    </datafield>
    <datafield tag="400" ind1="0" ind2=" ">
      <subfield code="a">Johann Georg</subfield>
      <subfield code="b">II.</subfield>
      <subfield code="c">Sachsen, Churfürst</subfield>
      <subfield code="d">1613-1680</subfield>
    </datafield>
    <datafield tag="400" ind1="0" ind2=" ">
      <subfield code="a">Johann George</subfield>
      <subfield code="b">II.</subfield>
      <subfield code="c">Sachsen, Herzog</subfield>
      <subfield code="d">1613-1680</subfield>
    </datafield>
    <datafield tag="400" ind1="0" ind2=" ">
      <subfield code="a">Johannes Georgius</subfield>
      <subfield code="b">II.</subfield>
      <subfield code="c">Saxonia, Dux</subfield>
      <subfield code="d">1613-1680</subfield>
    </datafield>
    <datafield tag="400" ind1="0" ind2=" ">
      <subfield code="a">Johannes Georgius</subfield>
      <subfield code="b">II.</subfield>
      <subfield code="c">Iulia-Cliavia-Montes, Dux</subfield>
      <subfield code="d">1613-1680</subfield>
    </datafield>
    <datafield tag="400" ind1="0" ind2=" ">
      <subfield code="a">Johannes Georgius</subfield>
      <subfield code="b">II.</subfield>
      <subfield code="c">Thuringia, Landgravius</subfield>
      <subfield code="d">1613-1680</subfield>
    </datafield>
    <datafield tag="400" ind1="0" ind2=" ">
      <subfield code="a">Johannes Georgius</subfield>
      <subfield code="b">II.</subfield>
      <subfield code="c">Misnia, Marchio</subfield>
      <subfield code="d">1613-1680</subfield>
    </datafield>
    <datafield tag="400" ind1="0" ind2=" ">
      <subfield code="a">Johannes Georgius</subfield>
      <subfield code="b">II.</subfield>
      <subfield code="c">Utra Lusatia, Marchio</subfield>
      <subfield code="d">1613-1680</subfield>
    </datafield>
    <datafield tag="400" ind1="0" ind2=" ">
      <subfield code="a">Johannes Georgius</subfield>
      <subfield code="b">II.</subfield>
      <subfield code="c">Magdeburgum, Burggravius</subfield>
      <subfield code="d">1613-1680</subfield>
    </datafield>
    <datafield tag="400" ind1="0" ind2=" ">
      <subfield code="a">Johannes Georgius</subfield>
      <subfield code="b">II.</subfield>
      <subfield code="c">Marcha, Comes</subfield>
      <subfield code="d">1613-1680</subfield>
    </datafield>
    <datafield tag="400" ind1="0" ind2=" ">
      <subfield code="a">Johannes Georgius</subfield>
      <subfield code="b">II.</subfield>
      <subfield code="c">Ravensberga, Comes</subfield>
      <subfield code="d">1613-1680</subfield>
    </datafield>
    <datafield tag="400" ind1="0" ind2=" ">
      <subfield code="a">Ioannes Georgius</subfield>
      <subfield code="b">II.</subfield>
      <subfield code="c">Sachsen, Kurfürst</subfield>
      <subfield code="d">1613-1680</subfield>
    </datafield>
    <datafield tag="400" ind1="0" ind2=" ">
      <subfield code="a">Johannes-Georgius</subfield>
      <subfield code="c">Saxonia, Dux</subfield>
      <subfield code="d">1613-1680</subfield>
    </datafield>
    <datafield tag="400" ind1="0" ind2=" ">
      <subfield code="a">Joannes Georgius</subfield>
      <subfield code="b">II.</subfield>
      <subfield code="c">Sachsen, Kurfürst</subfield>
      <subfield code="d">1613-1680</subfield>
    </datafield>
    <datafield tag="400" ind1="0" ind2=" ">
      <subfield code="a">Jean-Georges</subfield>
      <subfield code="b">II.</subfield>
      <subfield code="c">Saxe, Duc</subfield>
      <subfield code="d">1613-1680</subfield>
    </datafield>
    <datafield tag="400" ind1="0" ind2=" ">
      <subfield code="a">Johann Georg</subfield>
      <subfield code="c">Sachsen, Churfürst, II</subfield>
      <subfield code="d">1613-1680</subfield>
    </datafield>
    <datafield tag="400" ind1="0" ind2=" ">
      <subfield code="a">Johann Georg</subfield>
      <subfield code="c">dem Andern</subfield>
      <subfield code="d">1613-1680</subfield>
    </datafield>
    <datafield tag="400" ind1="0" ind2=" ">
      <subfield code="a">Johann Georg</subfield>
      <subfield code="c">Sachsen, Kurfürst, II</subfield>
      <subfield code="d">1613-1680</subfield>
    </datafield>
    <datafield tag="400" ind1="0" ind2=" ">
      <subfield code="a">Johann Georg</subfield>
      <subfield code="c">Sachsen, Herzog, II</subfield>
      <subfield code="d">1613-1680</subfield>
    </datafield>
    <datafield tag="400" ind1="0" ind2=" ">
      <subfield code="a">Johann Georg</subfield>
      <subfield code="c">Sachsen, Herzog, II.</subfield>
      <subfield code="d">1613-1680</subfield>
    </datafield>
    <datafield tag="400" ind1="0" ind2=" ">
      <subfield code="a">Johann Georg</subfield>
      <subfield code="c">Sachsen, Churfürst, II.</subfield>
      <subfield code="d">1613-1680</subfield>
    </datafield>
    <datafield tag="400" ind1="0" ind2=" ">
      <subfield code="a">Johann George</subfield>
      <subfield code="c">Sachsen, Herzog, II.</subfield>
      <subfield code="d">1613-1680</subfield>
    </datafield>
    <datafield tag="400" ind1="0" ind2=" ">
      <subfield code="a">Johannes Georgius</subfield>
      <subfield code="c">Saxonia, Dux, II.</subfield>
      <subfield code="d">1613-1680</subfield>
    </datafield>
    <datafield tag="400" ind1="0" ind2=" ">
      <subfield code="a">Johannes Georgius</subfield>
      <subfield code="c">Iulia-Cliavia-Montes, Dux, II.</subfield>
      <subfield code="d">1613-1680</subfield>
    </datafield>
    <datafield tag="400" ind1="0" ind2=" ">
      <subfield code="a">Johannes Georgius</subfield>
      <subfield code="c">Thuringia, Landgravius, II.</subfield>
      <subfield code="d">1613-1680</subfield>
    </datafield>
    <datafield tag="400" ind1="0" ind2=" ">
      <subfield code="a">Johannes Georgius</subfield>
      <subfield code="c">Misnia, Marchio, II.</subfield>
      <subfield code="d">1613-1680</subfield>
    </datafield>
    <datafield tag="400" ind1="0" ind2=" ">
      <subfield code="a">Johannes Georgius</subfield>
      <subfield code="c">Utra Lusatia, Marchio, II.</subfield>
      <subfield code="d">1613-1680</subfield>
    </datafield>
    <datafield tag="400" ind1="0" ind2=" ">
      <subfield code="a">Johannes Georgius</subfield>
      <subfield code="c">Magdeburgum, Burggravius, II.</subfield>
      <subfield code="d">1613-1680</subfield>
    </datafield>
    <datafield tag="400" ind1="0" ind2=" ">
      <subfield code="a">Johannes Georgius</subfield>
      <subfield code="c">Marcha, Comes, II.</subfield>
      <subfield code="d">1613-1680</subfield>
    </datafield>
    <datafield tag="400" ind1="0" ind2=" ">
      <subfield code="a">Johannes Georgius</subfield>
      <subfield code="c">Ravensberga, Comes, II.</subfield>
      <subfield code="d">1613-1680</subfield>
    </datafield>
    <datafield tag="400" ind1="0" ind2=" ">
      <subfield code="a">Johann Georg</subfield>
      <subfield code="c">Sachsen, Kurfürst, II.</subfield>
      <subfield code="d">1613-1680</subfield>
    </datafield>
    <datafield tag="500" ind1="0" ind2=" ">
      <subfield code="0">(DE-101)100029752</subfield>
      <subfield code="0">(DE-588)100029752</subfield>
      <subfield code="0">https://d-nb.info/gnd/100029752</subfield>
      <subfield code="a">Johann Georg</subfield>
      <subfield code="b">I.</subfield>
      <subfield code="c">Sachsen, Kurfürst</subfield>
      <subfield code="d">1585-1656</subfield>
      <subfield code="4">bezf</subfield>
      <subfield code="4">https://d-nb.info/standards/elementset/gnd#familialRelationship</subfield>
      <subfield code="w">r</subfield>
      <subfield code="i">Beziehung familiaer</subfield>
      <subfield code="e">Beziehung familiaer</subfield>
      <subfield code="9">v:Vater</subfield>
    </datafield>
    <datafield tag="500" ind1="0" ind2=" ">
      <subfield code="0">(DE-101)101041535</subfield>
      <subfield code="0">(DE-588)101041535</subfield>
      <subfield code="0">https://d-nb.info/gnd/101041535</subfield>
      <subfield code="a">Magdalena Sibylla</subfield>
      <subfield code="c">Sachsen, Kurfürstin</subfield>
      <subfield code="d">1586-1659</subfield>
      <subfield code="4">bezf</subfield>
      <subfield code="4">https://d-nb.info/standards/elementset/gnd#familialRelationship</subfield>
      <subfield code="w">r</subfield>
      <subfield code="i">Beziehung familiaer</subfield>
      <subfield code="e">Beziehung familiaer</subfield>
      <subfield code="9">v:Mutter</subfield>
    </datafield>
    <datafield tag="500" ind1="0" ind2=" ">
      <subfield code="0">(DE-101)120182874</subfield>
      <subfield code="0">(DE-588)120182874</subfield>
      <subfield code="0">https://d-nb.info/gnd/120182874</subfield>
      <subfield code="a">Magdalena Sibylla</subfield>
      <subfield code="c">Sachsen, Kurfürstin, 1612-1687</subfield>
      <subfield code="d">1612-1687</subfield>
      <subfield code="4">bezf</subfield>
      <subfield code="4">https://d-nb.info/standards/elementset/gnd#familialRelationship</subfield>
      <subfield code="w">r</subfield>
      <subfield code="i">Beziehung familiaer</subfield>
      <subfield code="e">Beziehung familiaer</subfield>
      <subfield code="9">v:Ehefrau</subfield>
    </datafield>
    <datafield tag="500" ind1="0" ind2=" ">
      <subfield code="0">(DE-101)102117470</subfield>
      <subfield code="0">(DE-588)102117470</subfield>
      <subfield code="0">https://d-nb.info/gnd/102117470</subfield>
      <subfield code="a">Johann Georg</subfield>
      <subfield code="b">III.</subfield>
      <subfield code="c">Sachsen, Kurfürst</subfield>
      <subfield code="d">1647-1691</subfield>
      <subfield code="4">bezf</subfield>
      <subfield code="4">https://d-nb.info/standards/elementset/gnd#familialRelationship</subfield>
      <subfield code="w">r</subfield>
      <subfield code="i">Beziehung familiaer</subfield>
      <subfield code="e">Beziehung familiaer</subfield>
      <subfield code="9">v:Sohn</subfield>
    </datafield>
    <datafield tag="510" ind1="2" ind2=" ">
      <subfield code="0">(DE-101)1235178676</subfield>
      <subfield code="0">(DE-588)1235178676</subfield>
      <subfield code="0">https://d-nb.info/gnd/1235178676</subfield>
      <subfield code="a">Sachsen</subfield>
      <subfield code="b">Kurfürst</subfield>
      <subfield code="g">1656-1680 : Johann Georg II.</subfield>
      <subfield code="4">vbal</subfield>
      <subfield code="4">https://d-nb.info/standards/elementset/gnd#relatedTerm</subfield>
      <subfield code="w">r</subfield>
      <subfield code="i">Verwandter Begriff</subfield>
      <subfield code="e">Verwandter Begriff</subfield>
    </datafield>
    <datafield tag="548" ind1=" " ind2=" ">
      <subfield code="a">1613-1680</subfield>
      <subfield code="4">datl</subfield>
      <subfield code="4">https://d-nb.info/standards/elementset/gnd#dateOfBirthAndDeath</subfield>
      <subfield code="w">r</subfield>
      <subfield code="i">Lebensdaten</subfield>
    </datafield>
    <datafield tag="548" ind1=" " ind2=" ">
      <subfield code="a">10.06.1613-01.09.1680</subfield>
      <subfield code="4">datx</subfield>
      <subfield code="4">https://d-nb.info/standards/elementset/gnd#dateOfBirthAndDeath</subfield>
      <subfield code="w">r</subfield>
      <subfield code="i">Exakte Lebensdaten</subfield>
    </datafield>
    <datafield tag="551" ind1=" " ind2=" ">
      <subfield code="0">(DE-101)040129950</subfield>
      <subfield code="0">(DE-588)4012995-0</subfield>
      <subfield code="0">https://d-nb.info/gnd/4012995-0</subfield>
      <subfield code="a">Dresden</subfield>
      <subfield code="4">ortg</subfield>
      <subfield code="4">https://d-nb.info/standards/elementset/gnd#placeOfBirth</subfield>
      <subfield code="w">r</subfield>
      <subfield code="i">Geburtsort</subfield>
    </datafield>
    <datafield tag="551" ind1=" " ind2=" ">
      <subfield code="0">(DE-101)040182665</subfield>
      <subfield code="0">(DE-588)4018266-6</subfield>
      <subfield code="0">https://d-nb.info/gnd/4018266-6</subfield>
      <subfield code="a">Freiberg</subfield>
      <subfield code="4">orts</subfield>
      <subfield code="4">https://d-nb.info/standards/elementset/gnd#placeOfDeath</subfield>
      <subfield code="w">r</subfield>
      <subfield code="i">Sterbeort</subfield>
    </datafield>
    <datafield tag="667" ind1=" " ind2=" ">
      <subfield code="a">384</subfield>
    </datafield>
    <datafield tag="667" ind1=" " ind2=" ">
      <subfield code="a">3</subfield>
    </datafield>
    <datafield tag="667" ind1=" " ind2=" ">
      <subfield code="a">7</subfield>
    </datafield>
    <datafield tag="667" ind1=" " ind2=" ">
      <subfield code="a">12</subfield>
    </datafield>
    <datafield tag="667" ind1=" " ind2=" ">
      <subfield code="a">VD-17</subfield>
    </datafield>
    <datafield tag="667" ind1=" " ind2=" ">
      <subfield code="a">SAEBI</subfield>
      <subfield code="5">DE-14</subfield>
    </datafield>
    <datafield tag="670" ind1=" " ind2=" ">
      <subfield code="a">Supellex epistolica Uffenbachii et Wolfiorum = Katalog der Uffenbach-Wolfschen Briefsammlung / hrsg. u. bearb. von Nilüfer Krüger. - Hamburg : Hauswedell, 1978. 2 Bde. - (Katalog der Handschriften der Staats- und Universitätsbibliothek Hamburg ; 8)</subfield>
    </datafield>
    <datafield tag="670" ind1=" " ind2=" ">
      <subfield code="a">NDB/ADB</subfield>
      <subfield code="u">https://www.deutsche-biographie.de/gnd119100320.html#ndbcontent</subfield>
    </datafield>
    <datafield tag="670" ind1=" " ind2=" ">
      <subfield code="a">Wikipedia</subfield>
      <subfield code="u">https://de.wikipedia.org/wiki/Johann_Georg_II._(Sachsen)</subfield>
    </datafield>
    <datafield tag="672" ind1=" " ind2="0">
      <subfield code="a">Copia Schreibens deß Chur-Printzen von Sachsen an *</subfield>
      <subfield code="f">1642</subfield>
    </datafield>
    <datafield tag="672" ind1=" " ind2="0">
      <subfield code="a">Erneuerte und vermehrte Policey- Hochzeit- Kleider*</subfield>
      <subfield code="f">1661</subfield>
    </datafield>
    <datafield tag="672" ind1=" " ind2="0">
      <subfield code="a">Erledigung derer in Anno 1653 und 1657 bey gehalte*</subfield>
      <subfield code="f">1661</subfield>
    </datafield>
    <datafield tag="672" ind1=" " ind2="0">
      <subfield code="a">Erledigung derer in Anno 1653 und 1657 bey gehalte*</subfield>
      <subfield code="f">1681</subfield>
    </datafield>
    <datafield tag="672" ind1=" " ind2="0">
      <subfield code="a">Erledigung derer in Anno 1653 und 1657 bey gehalte*</subfield>
      <subfield code="f">1666</subfield>
    </datafield>
    <datafield tag="672" ind1=" " ind2="0">
      <subfield code="a">Revidirtes Synodalisches General Decret</subfield>
    </datafield>
    <datafield tag="672" ind1=" " ind2="0">
      <subfield code="a">Mühlen-Ordnung über die Weisseritz- und Schiff-Müh*</subfield>
      <subfield code="f">1661</subfield>
    </datafield>
    <datafield tag="672" ind1=" " ind2="0">
      <subfield code="a">Chur-Sächsische Cramer-Innung zu Leipzig, wie solc*</subfield>
    </datafield>
    <datafield tag="672" ind1=" " ind2="0">
      <subfield code="a">Vormundschaffts Ordnung</subfield>
    </datafield>
    <datafield tag="672" ind1=" " ind2="0">
      <subfield code="a">Corpus novum Saxonicum, oder sämtliche Chur- und Fürstl. Sächs*</subfield>
      <subfield code="f">1660</subfield>
    </datafield>
    <datafield tag="672" ind1=" " ind2="0">
      <subfield code="a">Johann Georg &lt;Sachsen, Kurfürst, II.&gt;: Copia Schreibens deß Chur-Printzen von Sachsen an *</subfield>
      <subfield code="f">1642</subfield>
    </datafield>
    <datafield tag="672" ind1=" " ind2="0">
      <subfield code="a">Johann Georg &lt;Sachsen, Kurfürst, II.&gt;: Erneuerte und vermehrte Policey- Hochzeit- Kleider*</subfield>
      <subfield code="f">1661</subfield>
    </datafield>
    <datafield tag="672" ind1=" " ind2="0">
      <subfield code="a">Johann Georg &lt;Sachsen, Kurfürst, II.&gt;: Erledigung derer in Anno 1653 und 1657 bey gehalte*</subfield>
      <subfield code="f">1661</subfield>
    </datafield>
    <datafield tag="672" ind1=" " ind2="0">
      <subfield code="a">Johann Georg &lt;Sachsen, Kurfürst, II.&gt;: Erledigung derer in Anno 1653 und 1657 bey gehalte*</subfield>
      <subfield code="f">1681</subfield>
    </datafield>
    <datafield tag="672" ind1=" " ind2="0">
      <subfield code="a">Johann Georg &lt;Sachsen, Kurfürst, II.&gt;: Erledigung derer in Anno 1653 und 1657 bey gehalte*</subfield>
      <subfield code="f">1666</subfield>
    </datafield>
    <datafield tag="672" ind1=" " ind2="0">
      <subfield code="a">Johann Georg &lt;Sachsen, Kurfürst, II.&gt;: Revidirtes Synodalisches General Decret</subfield>
    </datafield>
    <datafield tag="672" ind1=" " ind2="0">
      <subfield code="a">Johann Georg &lt;Sachsen, Kurfürst, II.&gt;: Mühlen-Ordnung über die Weisseritz- und Schiff-Müh*</subfield>
      <subfield code="f">1661</subfield>
    </datafield>
    <datafield tag="672" ind1=" " ind2="0">
      <subfield code="a">Johann Georg &lt;Sachsen, Kurfürst, II.&gt;: Chur-Sächsische Cramer-Innung zu Leipzig, wie solc*</subfield>
    </datafield>
    <datafield tag="672" ind1=" " ind2="0">
      <subfield code="a">Johann Georg &lt;Sachsen, Kurfürst, I.&gt;: Vormundschaffts Ordnung</subfield>
    </datafield>
    <datafield tag="672" ind1=" " ind2="0">
      <subfield code="a">Ernst &lt;Sachsen, Kurfürst&gt;: Corpus novum Saxonicum, oder sämtliche Chur- und Fürstl. Sächs*</subfield>
      <subfield code="f">1660</subfield>
    </datafield>
    <datafield tag="678" ind1=" " ind2=" ">
      <subfield code="b">regierte 1656-1680</subfield>
    </datafield>
    <datafield tag="913" ind1=" " ind2=" ">
      <subfield code="S">pnd</subfield>
      <subfield code="i">5</subfield>
      <subfield code="a">Johann Georg &lt;Sachsen, Kurfürst, II.&gt;</subfield>
      <subfield code="0">(DE-588a)119100320</subfield>
    </datafield>
  </record>
